% This file was created with JabRef 2.10.
% Encoding: Cp1252

@Online{webrtc1,
  Title = {¿WebRTC o SIP?},
  Url   = {https://www.centralita-virtual.org/webrtc-vs-sip}
}

@Online{webrtc2,
  Title = {WebRTC vs. SIP: ¿cuál es la diferencia?},
  Url   = {https://www.fonvirtual.com/blog/webrtc-vs-sip}
}

@Online{webrtc3,
  Title = {Getting Started with WebRTC},
  Url   = {https://www.html5rocks.com/en/tutorials/webrtc/basics}
}

@Online{webrtc4,
  Title = {Hydra},
  Url   = {https://dialo.ga/es/hydra}
}

@Online{docker1,
  Title = {Máquinas Virtuales vs Contenedores, ¿Qué son y cómo elegir entre estas tecnologías?},
  Url   = {https://www.fayerwayer.com/2016/06/maquinas-virtuales-vs-contenedores-que-son-y-como-elegir-entre-estas-tecnologias}
}

@Online{docker2,
  Title = {Qué es Docker y para qué sirve},
  Url   = {https://www.ondho.com/que-es-docker-para-que-sirve}
}

@Online{docker3,
  Title = {¿QUÉ ES DOCKER Y CÓMO USARLO?},
  Url   = {https://www.luisllamas.es/que-es-docker-y-como-usarlo}
}

@Online{docker4,
  Title = {¿Qué es Docker? ¿Para qué se utiliza? Explicado de forma sencilla},
  Url   = {https://www.javiergarzas.com/2015/07/que-es-docker-sencillo.html}
}

@Online{docker5,
  Title = {¿Qué es DOCKER?},
  Url   = {https://www.redhat.com/es/topics/containers/what-is-docker}
}

@Online{sse1,
  Title = {What are Long Polling, Websockets, Server-Sent Events and Comet?},
  Url   = {https://www.geeksforgeeks.org/what-are-long-polling-websockets-server-sent-events-sse-and-comet}
}

@Online{sse2,
  Title = {Long Polling vs WebSockets vs Server-Sent Events},
  Url   = {https://medium.com/system-design-blog/long-polling-vs-websockets-vs-server-sent-events-c43ba96df7c1}
}

@Online{sse3,
  Title = {Polling vs SSE vs WebSocket — How to choose the right one},
  Url   = {https://codeburst.io/polling-vs-sse-vs-websocket-how-to-choose-the-right-one-1859e4e13bd9}
}

@Online{nodejs1,
  Title = {Understanding Garbage Collection and Hunting Memory Leaks in Node.js},
  Url   = {https://blog.codeship.com/understanding-garbage-collection-in-node-js}
}

@Online{nodejs2,
  Title = {My Node.js memory leak and some memory management and garbage collection},
  Url   = {https://medium.com/front-end-weekly/my-node-js-memory-leak-and-some-memory-management-and-garbage-collection-6281a5308b4e}
}

@Online{nodejs3,
  Title = {Memory Leaks in NodeJS},
  Url   = {https://medium.com/tech-tajawal/memory-leaks-in-nodejs-quick-overview-988c23b24dba}
}

@Online{appweb1,
  Title = {Arquitectura de una aplicación web. XAMPP. PHP: conceptos básicos, manejo de formularios},
  Url   = {http://desarrolloweb.dlsi.ua.es/idesweb-2a-ed/modulo-07}
}

@Online{modelo1,
  Title = {Modelos y metodologías para el desarrollo de software},
  Url   = {http://www.eumed.net/tesis-doctorales/2014/jlcv/software.htm}
}

@Online{jmeter1,
  Title = {JMeter – Understanding the Scope of Variables & Sharing among Threads and Thread-Groups},
  Url   = {http://www.testautomationguru.com/jmeter-understanding-the-scope-of-variables-sharing-among-threads-and-thread-groups}
}

@Online{jmeter2,
  Title = {How to Use Variables in Different Thread Groups},
  Url   = {https://www.blazemeter.com/blog/knit-one-pearl-two-how-use-variables-different-thread-groups}
}

@Online{els1,
  Title = {Android ELS - How it works},
  Url   = {https://crisisresponse.google/emergencylocationservice/how-it-works}
}

@Online{jmeter3,
  Title = {5 Ways to Load Test Popular Chat Plugins with JMeter},
  Url   = {https://www.blazemeter.com/blog/5-ways-to-load-test-popular-chat-plugins-with-jmeter}
}

@Online{jmeter4,
  Title = {Jmeter - Passing variables between threads},
  Url   = {https://medium.com/@priyank.it/jmeter-passing-variables-between-threads-a4dc09903b59}
}

@Online{jmeter5,
  Title = {JMeter WebSocket Samplers - A Practical Guide},
  Url   = {https://blog.codeship.com/understanding-garbage-collection-in-node-js}
}

@Online{bd1,
  Title = {Servidor Base de Datos},
  Url   = {https://blog.infranetworking.com/servidor-base-de-datos}
}

@Online{bd2,
  Title = {EcuRed - Servidor Bases de Datos},
  Url   = {https://www.ecured.cu/Servidor_Bases_de_Datos}
}

@Online{bd3,
  Title = {Bases de datos relacionales vs. no relacionales: ¿qué es mejor?},
  Url   = {https://aukera.es/blog/bases-de-datos-relacionales-vs-no-relacionales}
}

@Online{bd4,
  Title = {NoSQL Vs SQL: ¿Cuál Elegir?},
  Url   = {https://slashmobility.com/blog/2016/12/nosql-vs-sql-cual-elegir}
}

@Online{bd5,
  Title = {Introducción a los Sistemas de Base de Datos},
  Url   = {https://www.monografias.com/trabajos34/base-de-datos/base-de-datos.shtml#diseno}
}

@Online{bd6,
  Title = {Guide to JMeter Thread Groups},
  Url   = {https://www.redline13.com/blog/2018/05/guide-jmeter-thread-groups}
}

@Online{bd7,
  Title = {The SQL vs NoSQL Difference: MySQL vs MongoDB},
  Url   = {https://medium.com/xplenty-blog/the-sql-vs-nosql-difference-mysql-vs-mongodb-32c9980e67b2}
}

@Online{bd8,
  Title = {NoSQL vs SQL: principales diferencias y cuándo elegir cada una de ellas},
  Url   = {https://pandorafms.com/blog/es/nosql-vs-sql-diferencias-y-cuando-elegir-cada-una}
}

@Online{bd9,
  Title = {Servidor Base de Datos},
  Url   = {https://blog.infranetworking.com/servidor-base-de-datos}
}

@Online{els2,
  Title = {Helping our Partners provide faster, more accurate location for emergency services},
  Url   = {https://crisisresponse.google/emergencylocationservice}
}

@Online{uml1,
  Title = {Tutorial de diagrama de clases UML},
  Url   = {https://www.lucidchart.com/pages/es/tutorial-de-diagrama-de-clases-uml}
}

@Online{pemea1,
  Title = {Estándar PEMEA Accesibilidad Universal e Inclusiva a los Servicios de Emergencia},
  Url   = {http://www.112cv.com/documentos/tecnoemergencias/deveryware-GHALE_Tecnoemergencies_pres_v1.2.pdf}
}

@Online{eena1,
  Title = {Los obstáculos para llamar al 112 con una app si no estás cerca de tu casa},
  Url   = {https://elpais.com/tecnologia/2018/07/04/actualidad/1530718772_718151.html}
}

@Online{pemea2,
  Title = {Emergency apps document: PEMEA Approval Procedure},
  Url   = {https://eena.org/pemea-approval-procedure}
}

@Online{pemea3,
  Title = {Europa realizará la estandarización de las apps de conexión a emergencias 112},
  Url   = {https://www.serviciosemergencia.es/noticia/892/europa-realizara-la-estandarizacion-de-las-apps-de-conexion-a-emergencias-112}
}

@Online{ng1,
  Title = {Modelos de transición hacia un 112 de Nueva Generación},
  Url   = {http://ierd.es/modelos-de-transicion-hacia-un-112-de-nueva-generacion-ng112}
}

@Online{pemea4,
  Title = {Europa estandariza las Apps de conexión con emergencias 112},
  Url   = {https://www.esmartcity.es/2018/05/03/europa-estandariza-apps-conexion-emergencias-112-mediante-proyecto-pemea-operativo-septiembre}
}

@Online{aml1,
  Title = {INFORMATION ON AML},
  Url   = {https://eena.org/aml}
}

@Online{aml2,
  Title = {MAKE ROOM FOR THE NEXT BIG THING ON AML},
  Url   = {https://eena.org/aml-conformance}
}

@Online{aml3,
  Title = {Advanced Mobile Location (AML) Specifications & Requirements},
  Url   = {https://eena.org/wp-content/uploads/2018/11/2016_03_02_AMLrequirement_FINAL.pdf}
}

@Online{aml4,
  Title = {Qué es la ubicación móvil avanzada para emergencias (AML) y por qué es importante que Apple la integre en el iPhone},
  Url   = {https://www.xataka.com/moviles/que-es-la-ubicacion-movil-avanzada-para-emergencias-aml-y-por-que-es-importante-que-apple-la-integre-en-el-iphone}
}

@Online{aml5,
  Title = {El sistema de ubicación móvil para emergencias solo funciona en siete países de la UE},
  Url   = {https://www.europapress.es/sociedad/noticia-sistema-ubicacion-movil-emergencias-solo-funciona-siete-paises-ue-20180209182601.html}
}

@Online{aml6,
  Title = {Por fin: Apple incluirá Advanced Mobile Location en iOS 11.3 para los servicios de emergencias},
  Url   = {https://www.applesfera.com/ios/por-fin-apple-incluira-advanced-mobile-location-en-ios-11-3-para-los-servicios-de-emergencias}
}

@Online{aml7,
  Title = {Cómo enviar tu ubicación con la emergencia SOS de iOS 11.3},
  Url   = {https://www.ipadizate.es/2018/02/26/enviar-ubicacion-emergencia-sos-ios-11-3}
}

@Online{eena2,
  Title = {TRAVELLING IN EUROPE? REMEMBER: 112 IS THERE FOR YOU},
  Url   = {https://eena.org/112-info}
}

@Online{ng2,
  Title = {El 112 de nueva generación, un enfoque europeo},
  Url   = {http://www.jornadasemergencias.com/slides/112%20Un%20Enfoque%20Europeo-EENA.pdf}
}

@Online{eena3,
  Title = {Public Safety Answering Points},
  Url   = {https://eena.org/wp-content/uploads/2018/12/2018-12-19_Abstract_Light.pdf}
}

@Online{ng3,
  Title = {ABOUT NG112},
  Url   = {https://eena.org/ng112-project}
}

@Online{pemea5,
  Title = {Meet PEMEA},
  Url   = {https://eena.org/apps}
}

@Online{modelo2,
  Title = {Los 5 modelos de desarrollo de software que elegirás},
  Url   = {https://www.obs-edu.com/es/blog-project-management/metodologias-agiles/los-5-modelos-de-desarrollo-de-software-que-elegiras}
}

@Online{test1,
  Title = {What is software testing?},
  Url   = {https://es.atlassian.com/continuous-delivery/software-testing}
}

@Online{test2,
  Title = {The different types of software testing},
  Url   = {https://es.atlassian.com/continuous-delivery/software-testing/types-of-software-testing}
}

@Online{test3,
  Title = {Pruebas software y el modelo de capas de cebolla},
  Url   = {https://www.panel.es/blog/capas-de-pruebas-software}
}

@Online{test4,
  Title = {Software testing},
  Url   = {https://en.wikipedia.org/wiki/Software_testing}
}

@Online{test5,
  Title = {Los test no son opcionales},
  Url   = {https://www.genbeta.com/desarrollo/que-pruebas-debemos-hacerle-a-nuestro-software-y-para-que}
}

@Online{jmeter6,
  Title = {Pruebas de rendimiento con JMeter. Ejemplos básicos},
  Url   = {https://sdos.es/blog/pruebas-de-rendimiento-con-jmeter-ejemplos-basicos}
}

@Online{test6,
  Title = {SOAK TEST – A PRACTICAL EXAMPLE},
  Url   = {https://octoperf.com/blog/2019/02/21/soak-test-practical-example}
}

@Online{jmeter7,
  Title = {How To Execute Different Performance Test Strategies},
  Url   = {http://www.testautomationguru.com/jmeter-how-to-execute-different-performance-test-strategies}
}

@Online{jmeter8,
  Title = {Introducción a JMeter y pruebas de carga},
  Url   = {https://www.arquitecturajava.com/introduccion-jmeter-y-pruebas-de-carga}
}

@Online{jmeter9,
  Title = {JMeter - Getting Started},
  Url   = {https://jmeter.apache.org/usermanual/get-started.html}
}

@Online{jmeter10,
  Title = {Using Command Line Parameters in JMeter for Load Testing},
  Url   = {https://dzone.com/articles/using-commandline-parameters-in-jmeter}
}

@Online{jmeter11,
  Title = {Five Ways To Launch a JMeter Test without Using the JMeter GUI},
  Url   = {https://www.blazemeter.com/blog/5-ways-launch-jmeter-test-without-using-jmeter-gui}
}

@Online{jmeter12,
  Title = {9 Easy Solutions for a JMeter Load Test “Out of Memory” Failure},
  Url   = {https://www.blazemeter.com/blog/9-easy-solutions-jmeter-load-test-“out-memory”-failure}
}

@Online{jmeter13,
  Title = {Que es JMeter ? Que hace JMeter ?},
  Url   = {https://www.osmosislatina.com/jmeter/basico.htm}
}

@Online{jmeter14,
  Title = {JMeter, un viejo amigo en plena forma},
  Url   = {https://solidgeargroup.com/jmeter-un-viejo-amigo-en-plena-forma}
}

@Online{web1,
  Title = {Arquitectura de las aplicaciones Web},
  Url   = {https://programacionwebisc.wordpress.com/2-1-arquitectura-de-las-aplicaciones-web}
}

@Online{app1,
  Title = {6 Tipos de desarrollo de aplicaciones web más relevantes},
  Url   = {https://www.yeeply.com/blog/6-tipos-desarrollo-de-aplicaciones-web}
}

@Online{app2,
  Title = {Web Application Architecture},
  Url   = {https://svitla.com/blog/web-application-architecture}
}

@Online{app3,
  Title = {ARQUITECTURA DE LAS APLICACIONES WEB},
  Url   = {https://secciontareas.webcindario.com/unidad1/arquitecturas.html}
}

@Online{app4,
  Title = {Desarrollo de aplicaciones web},
  Url   = {http://www.emfasi.com/desarrollo-de-aplicaciones-web}
}

@Online{ws1,
  Title = {Conociendo WebSocket},
  Url   = {https://v0ctor.me/websocket}
}

@Online{app5,
  Title = {Fundamentals of web application architecture},
  Url   = {https://www.peerbits.com/blog/web-application-architecture.html}
}

@Online{http1,
  Title = {Protocolo http},
  Url   = {https://programacionwebisc.wordpress.com/1-2-protocolo-http}
}

@Online{web2,
  Title = {¿Qué son los web services y qué tecnología usar en su desarrollo?},
  Url   = {https://www.arsys.es/blog/programacion/diseno-web/web-services-desarrollo}
}

@Online{formato1,
  Title = {YAML vs JSON vs XML},
  Url   = {https://www.csestack.org/yaml-vs-json-vs-xml-difference}
}

@Online{formato2,
  Title = {JSON VS XML VS TOML VS CSON VS YAML},
  Url   = {https://www.zionandzion.com/json-vs-xml-vs-toml-vs-cson-vs-yaml}
}

@Online{formato3,
  Title = {JSON vs XML vs YAML},
  Url   = {https://ksanchezmblog.wordpress.com/2016/04/08/json-vs-xml-vs-yaml}
}

@Online{rest1,
  Title = {SOAP vs REST ¿cual es mejor?},
  Url   = {https://www.oscarblancarteblog.com/2017/03/06/soap-vs-rest-2}
}

@Online{rest2,
  Title = {REST vs WebSocket. ¿Qué diferencias hay?},
  Url   = {https://www.itdo.com/blog/rest-vs-websocket-que-diferencia-hay}
}

@Online{modelo3,
  Title = {Modelos de Desarrollo de software},
  Url   = {https://www.monografias.com/docs114/modelos-desarrollo/modelos-desarrollo.shtml}
}

@Online{premise1,
  Title = {Principales diferencias entre los sistemas CRM On premise y On Demand},
  Url   = {https://www.redk.net/es-ES/blog/tipos-de-sistemas-crm-on-demand-vs-on-premise}
}

@Online{premise2,
  Title = {Aplicaciones “Cloud” versus Aplicaciones “on premise”},
  Url   = {https://www.aula1.com/aplicaciones-cloud-versus-aplicaciones-on-premise-casa}
}

@Online{premise3,
  Title = {Entornos on-premise y en la nube},
  Url   = {https://www.helpsystems.com/es/blog/entornos-premise-y-en-la-nube-que-los-diferencia}
}

@Online{premise4,
  Title = {On-premise},
  Url   = {https://www.ticportal.es/glosario-tic/on-premise}
}

@Online{im1,
  Title = {What's the Difference Between Chat and Instant Messaging},
  Url   = {https://www.lifewire.com/difference-between-chat-and-instant-messaging-3969422}
}

@Online{im2,
  Title = {The Full Rundown of Instant Messaging or 'I.M.'},
  Url   = {https://www.lifewire.com/what-is-instant-messaging-2483319}
}

@Online{im3,
  Title = {Free Text Messaging on Your Smartphone},
  Url   = {https://www.lifewire.com/free-text-messaging-on-smartphone-3426395}
}

@Online{im4,
  Title = {Alternativas a WhatsApp en 2019: Telegram, LINE, WeChat y otras aplicaciones},
  Url   = {https://www.adslzone.net/listas/mejores-apps/alternativas-whatsapp}
}

@Online{im5,
  Title = {El 95% de los españoles usa ya mensajería instantánea como Whatsapp como principal fuente de comunicación},
  Url   = {https://masautonomo.com/el-95-de-los-espanoles-usa-ya-mensajeria-instantanea-como-whatsapp-como-principal-fuente-de-comunicacion}
}

@Online{im6,
  Title = {La mensajería instantánea va más allá de WhatsApp: 11 aplicaciones alternativas},
  Url   = {https://www.xatakamovil.com/espacio-sony/la-mensajeria-instantanea-va-mas-alla-de-whatsapp-11-aplicaciones-alternativas}
}

@Online{im7,
  Title = {Definición de Mensajería Instantánea},
  Url   = {https://www.definicionabc.com/tecnologia/mensajeria-instantanea.php}
}

@Online{im8,
  Title = {Qué es IM o mensajería instantánea y cómo funciona},
  Url   = {https://www.aboutespanol.com/que-es-im-o-mensajeria-instantanea-y-como-funciona-157567}
}

@Online{im9,
  Title = {IRC, ICQ, AIM, and More: A History of Instant Messaging},
  Url   = {https://www.lifewire.com/im-a-brief-history-1949611}
}

@Online{modelo4,
  Title = {Top 5 Metodologías de Desarrollo de Software},
  Url   = {https://www.megapractical.com/blog-de-arquitectura-soa-y-desarrollo-de-software/metodologias-de-desarrollo-de-software}
}

@Online{im10,
  Title = {5 Best Group Messaging Apps in 2019},
  Url   = {https://thedroidguy.com/2019/05/5-best-group-messaging-apps-in-2019-1091022}
}

@Online{nodejs4,
  Title = {Framework o librerías: ventajas y desventajas},
  Url   = {https://www.tithink.com/es/2018/08/29/framework-o-librerias-ventajas-y-desventajas}
}

@Online{nodejs5,
  Title = {10 Node Frameworks to Use in 2019},
  Url   = {https://scotch.io/bar-talk/10-node-frameworks-to-use-in-2019}
}

@Online{app6,
  Title = {Aplicaciones web en tiempo real y SignalR},
  Url   = {https://www.vs-sistemas.com/Blog/TIC's/Aplicaciones-web-en-tiempo-real-y-SignalR}
}

@Online{app7,
  Title = {Apps en tiempo real: desarrollo, ejemplos y plataformas},
  Url   = {https://sitelabs.es/apps-tiempo-real-desarrollo-socket-node}
}

@Online{app8,
  Title = {Aplicaciones en Tiempo Real, HTML5 y Node.JS},
  Url   = {http://www.nicholls.co/blog/post/Aplicaciones-en-Tiempo-Real-HTML5-y-NodeJS}
}

@Online{app9,
  Title = {La web en tiempo real, ¿útil o chuminada tecnológica?},
  Url   = {https://www.genbeta.com/web/la-web-en-tiempo-real-util-o-chuminada-tecnologica}
}

@Online{app10,
  Title = {Estrategias Y Mecanismos Para Aplicaciones Web En Tiempo Real},
  Url   = {https://codigofacilito.com/articulos/como-programar-aplicaciones-en-tiempo-real}
}

@Online{chatbot1,
  Title = {¿Qué son exactamente los chatbots y para qué sirven?},
  Url   = {https://www.eleconomista.es/tecnologia/noticias/7488529/04/16/Que-son-exactamente-los-chatbots-y-para-que-sirven.html?gclid=CjwKCAjw8-LnBRAyEiwA6eUMGpAdkpWxSu3iIfXON5ThaU9D5OHHevd77g99sNBIbyrq5alWEQ464xoCwpkQAvD_BwE}
}

@Online{chatbot2,
  Title = {Los chatbots de inteligencia artificial, el futuro de las apps de mensajería},
  Url   = {https://www.eleconomista.es/tecnologia/noticias/7475048/04/16/Los-chatbots-de-inteligencia-artificial-el-futuro-de-las-apps-de-mensajeria.html}
}

@Online{chatbot3,
  Title = {¿Qué es un chatbot?},
  Url   = {https://www.40defiebre.com/que-es/chatbot}
}

@Online{chatbot4,
  Title = {Dynamic Language Translation With Chatbots & Azure Cognitive Services},
  Url   = {https://help.insight.com/app/answers/detail/a_id/177/~/dynamic-language-translation-with-chatbots-%26-azure-cognitive-services}
}

@Online{protocoloim1,
  Title = {Comunicaciones seguras mediante mensajería instantánea},
  Url   = {http://www.criptored.upm.es/crypt4you/temas/privacidad-proteccion/leccion3/leccion3.html}
}

@Online{protocoloim2,
  Title = {Protocolo para la mensajería instantánea},
  Url   = {https://www.ecured.cu/Protocolo_para_la_mensajer%C3%ADa_instant%C3%A1nea}
}

@Online{protocoloim3,
  Title = {XEP-0295: JSON Encodings for XMPP},
  Url   = {https://xmpp.org/extensions/xep-0295.html}
}

@Online{madrid1,
  Title = {Beneficios del 112 para el Ciudadano},
  Url   = {http://www.madrid.org/112/index.php/que-es-el-112/beneficios-del-112-para-el-ciudadano}
}

@Online{madrid2,
  Title = {Modelo Madrid 112},
  Url   = {http://www.madrid.org/112/index.php/como-funciona/modelo-madrid-112}
}

@Online{madrid3,
  Title = {Atributos de la plataforma tecnológica},
  Url   = {http://www.madrid.org/112/index.php/plataforma-tecnologica/atributos-de-la-plataforma-tecnologica}
}

@Online{madrid4,
  Title = {La tecnología al servicio de las Emergencias},
  Url   = {http://www.madrid.org/112/index.php/plataforma-tecnologica/la-tecnologia-al-servicio-de-las-emergencias}
}

@Online{madrid5,
  Title = {App de Emergencias},
  Url   = {http://www.madrid.org/112/index.php/actualidad/app-de-emergencia}
}

@Online{myapp1,
  Title = {PROGRAMA APPS “My 112”},
  Url   = {http://www.madrid.org/112/index.php/inicio/informacion-institucional/planes-programas-y-actuaciones/261-plan-5}
}

@Online{myapp2,
  Title = {La aplicación que envía tu ubicación e imágenes al 112 cuando tienes una emergencia},
  Url   = {https://omicrono.elespanol.com/2018/02/my112-aplicacion-ubicacion-imagenes-112-emergencia}
}

@Online{myapp3,
  Title = {My112},
  Url   = {https://play.google.com/store/apps/details?id=com.telefonica.my112&hl=es}
}

@Online{myapp4,
  Title = {La mejor aplicación para emergencias: My112 es la app oficial del 112 en España},
  Url   = {https://elandroidelibre.elespanol.com/2018/02/my112-aplicacion-oficial-112-espana.html}
}

@Online{myapp5,
  Title = {Apps para llamar al 112 y ser geolocalizado},
  Url   = {https://www.ocu.org/tecnologia/internet-telefonia/noticias/llamadas-112/asi-funciona-my112}
}

@Online{myapp6,
  Title = {My112, la app de emergencias con geolocalización},
  Url   = {https://blogs.sonymobile.com/es/tecnologia/my112-la-app-de-emergencias-con-geolocalizacion/#gref}
}

@Online{nodejs6,
  Title = {¿Qué tiene de bueno NodeJS?},
  Url   = {https://www.arsys.es/blog/programacion/ventajas-nodejs}
}

@Online{nodejs7,
  Title = {Beneficios de utilizar Node.js},
  Url   = {https://platzi.com/blog/beneficios-de-node}
}

@Online{nodejs8,
  Title = {¿Por qué demonios usaría Node.js? Un tutorial caso por caso},
  Url   = {https://www.toptal.com/nodejs/por-que-demonios-usaria-node-js-un-tutorial-caso-por-caso}
}

@Online{nodejs9,
  Title = {Ventajas que se tiene al desarrollar en Node.js},
  Url   = {http://programaenlinea.net/ventajas-que-se-tiene-al-desarrollar-en-node-js}
}

@Online{nodejs10,
  Title = {Aplicaciones en Tiempo Real con node.js},
  Url   = {https://www.northware.mx/aplicaciones-en-tiempo-real-con-node-js}
}

@Online{npm1,
  Title = {¿Qué es npm?},
  Url   = {https://devcode.la/blog/que-es-npm}
}

@Online{nodejs11,
  Title = {JavaScript V8 Engine Explained},
  Url   = {https://hackernoon.com/javascript-v8-engine-explained-3f940148d4ef}
}

@Online{nodejs12,
  Title = {Node.js Garbage Collection Explained},
  Url   = {https://blog.risingstack.com/node-js-at-scale-node-js-garbage-collection}
}
